@book{telemonitoring_definition,
  title={Telemedicine: A guide to assessing telecommunications for health care},
  author={Field, Marilyn J and others},
  year={1996},
  publisher={National Academies Press}
}

@article{telemonitoring_current_state,
  title={The current state of telemonitoring: a comment on the literature},
  author={Meystre, Stephane},
  journal={Telemedicine Journal \& e-Health},
  volume={11},
  number={1},
  pages={63--69},
  year={2005},
  publisher={Mary Ann Liebert, Inc. 2 Madison Avenue Larchmont, NY 10538 USA}
}

@incollection{muicser,
  title={Muicser: A process framework for multi-disciplinary user-centred software engineering processes},
  author={Haesen, Mieke and Coninx, Karin and Van den Bergh, Jan and Luyten, Kris},
  booktitle={Engineering Interactive Systems},
  pages={150--165},
  year={2008},
  publisher={Springer}
}

@incollection{persona_scenario,
  title={Exploring persona-scenarios-using storytelling to create design ideas},
  author={Madsen, Sabine and Nielsen, Lene},
  booktitle={Human work interaction design: Usability in social, cultural and organizational contexts},
  pages={57--66},
  year={2010},
  publisher={Springer}
}

@book{biomedical_informatics,
  title={Biomedical informatics},
  author={Shortliffe, Edward H and Cimino, James J},
  year={2006},
  publisher={Springer}
}

@article{multiple_ehrs,
  title={Use of more than one electronic medical record system within a single health care organization},
  author={Payne, T and Fellner, J and Dugowson, C and Liebovitz, D and Fletcher, G},
  journal={Applied clinical informatics},
  volume={3},
  number={04},
  pages={462--474},
  year={2012},
  publisher={Schattauer GmbH}
}

@article{ehrs_efficiency,
  title={Effect of the implementation of an enterprise-wide Electronic Health Record on productivity in the Veterans Health Administration},
  author={Evans, Dwight C and Nichol, W Paul and Perlin, Jonathan B},
  journal={Health Economics, Policy and Law},
  volume={1},
  number={2},
  pages={163--169},
  year={2006},
  publisher={Cambridge University Press}
}
